<record><leader>00000cas a22000007a 4500</leader><controlfield tag="001">11635517</controlfield><controlfield tag="008">850130d18671881ncudn ne      0    0eng  </controlfield><controlfield tag="009">466</controlfield><datafield ind1=" " ind2=" " tag="010"><subfield code="a">sn 84042030 </subfield></datafield><datafield ind1=" " ind2=" " tag="040"><subfield code="a">DLC</subfield><subfield code="b">eng</subfield><subfield code="c">DLC</subfield><subfield code="d">NPX</subfield><subfield code="d">NVJ</subfield><subfield code="d">MGN</subfield><subfield code="d">NVJ</subfield><subfield code="d">DLC</subfield><subfield code="d">OCLCQ</subfield></datafield><datafield ind1="1" ind2=" " tag="029"><subfield code="a">AU@</subfield><subfield code="b">000026223619</subfield></datafield><datafield ind1=" " ind2=" " tag="042"><subfield code="a">msc</subfield></datafield><datafield ind1="0" ind2="0" tag="050"><subfield code="a">Newspaper</subfield></datafield><datafield ind1="0" ind2=" " tag="130"><subfield code="a">Newbern journal of commerce (New Bern, N.C. : Daily)</subfield></datafield><datafield ind1="1" ind2="0" tag="245"><subfield code="a">Newbern journal of commerce.</subfield></datafield><datafield ind1="1" ind2="3" tag="246"><subfield code="a">Journal of commerce</subfield></datafield><datafield ind1="3" ind2="0" tag="246"><subfield code="a">Newbern daily journal of commerce</subfield></datafield><datafield ind1="1" ind2="3" tag="246"><subfield code="a">Daily journal of commerce</subfield></datafield><datafield ind1=" " ind2=" " tag="260"><subfield code="a">Newbern, N.C. :</subfield><subfield code="b">Stephen D. Pool</subfield></datafield><datafield ind1=" " ind2=" " tag="300"><subfield code="a">v. ;</subfield><subfield code="c">58 cm.</subfield></datafield><datafield ind1=" " ind2=" " tag="310"><subfield code="a">Daily (except Mon.)</subfield></datafield><datafield ind1="0" ind2=" " tag="362"><subfield code="a">Vol. 1, no. 157 (May 1, 1867)-</subfield></datafield><datafield ind1="1" ind2=" " tag="362"><subfield code="a">Ceased in 1881.</subfield></datafield><datafield ind1=" " ind2=" " tag="500"><subfield code="a">Published as: The Newbern daily journal of commerce, Dec. 25, 1869-May 19, 1872.</subfield></datafield><datafield ind1=" " ind2=" " tag="500"><subfield code="a">Democratic.</subfield></datafield><datafield ind1=" " ind2=" " tag="580"><subfield code="a">Weekly eds.: Newbern weekly journal of commerce, 1867- and: Weekly journal of commerce (New Bern, N.C. : Weekly : 1871), 1871- and: Newbern journal of commerce (New Bern, N.C. : Weekly), 1872-&lt;1876&gt;.</subfield></datafield><datafield ind1=" " ind2=" " tag="580"><subfield code="a">Triweekly ed.: The Newbern tri-weekly journal of commerce, 1872-</subfield></datafield><datafield ind1=" " ind2=" " tag="752"><subfield code="a">United States</subfield><subfield code="b">North Carolina</subfield><subfield code="c">Craven</subfield><subfield code="d">New Bern.</subfield></datafield><datafield ind1="1" ind2=" " tag="775"><subfield code="t">Newbern weekly journal of commerce</subfield><subfield code="w">(DLC)sn 92072917</subfield></datafield><datafield ind1="1" ind2=" " tag="775"><subfield code="t">Weekly journal of commerce (New Bern, N.C. : Weekly : 1871)</subfield><subfield code="w">(DLC)sn 92072918</subfield></datafield><datafield ind1="1" ind2=" " tag="775"><subfield code="t">Newbern journal of commerce (New Bern, N.C. : Weekly)</subfield><subfield code="w">(DLC)sn 84026443</subfield></datafield><datafield ind1="1" ind2=" " tag="775"><subfield code="t">Newbern tri-weekly journal of commerce</subfield><subfield code="w">(DLC)sn 92072916</subfield></datafield><datafield ind1="0" ind2="0" tag="780"><subfield code="t">Newbern daily journal of commerce</subfield><subfield code="w">(DLC)sn 85042031</subfield></datafield></record>